% Encoding: UTF-8

@misc{rijke2022introduction,
  title =	 {Introduction to Homotopy Type Theory},
  author =	 {Egbert Rijke},
  year =	 2022,
  eprint =	 {2212.11082},
  archivePrefix ={arXiv},
  primaryClass = {math.LO}
}

@software{agda-unimath,
  author =	 {Rijke, Egbert and Stenholm, Elisabeth and
                  Prieto-Cubides, Jonathan and Bakke, Fredrik and
                  {others}},
  license =	 {MIT},
  title =	 {{The agda-unimath library}},
  url =		 {https://github.com/UniMath/agda-unimath/}
}

@online{1lab,
  author = {The {1Lab Development Team}},
  title = {{The 1Lab}},
  url = {https://1lab.dev},
  year = 2024,
}

@Book{hottbook,
  author =	 {The {Univalent Foundations Program}},
  title =	 {Homotopy Type Theory: Univalent Foundations of
                  Mathematics},
  publisher =	 {\url{https://homotopytypetheory.org/book}},
  address =	 {Institute for Advanced Study},
  year =	 2013
}

@incollection{Martin-Lof-1973,
	Author = {Martin-L{\"o}f, Per},
	Booktitle = {Logic Colloquium '73, Proceedings of the Logic Colloquium},
	Editor = {H.E. Rose and J.C. Shepherdson},
	Mrclass = {02C15 (02D99)},
	Mrnumber = {0387009 (52 \#7856)},
	Mrreviewer = {Horst Luckhardt},
	Pages = {73--118},
	Publisher = {North-Holland},
	Series = {Studies in Logic and the Foundations of Mathematics},
	Title = {An intuitionistic theory of types: predicative part},
	Volume = 80,
	Year = 1975
}

@online{origin-of-uni-foundations,
  title = {The Origins and Motivations of Univalent Foundations},
  author = {Vladimir Voevodsky},
  year = 2014,
  url = {https://www.ias.edu/ideas/2014/voevodsky-origins}
}

@online{repo,
  author = {Timon Najdovski},
  url = {https://github.com/maybemabeline/invertible-maps-are-spheres-in-the-universe/blob/master/IsoSpheres/IsoSpheres.lagda.md}
}
